<?xml version="1.0" encoding="UTF-8"?><collection xmlns="http://www.loc.gov/MARC21/slim"><record><leader>00428nam--2200157-i-4500</leader><controlfield tag="001">000015841</controlfield><controlfield tag="002">20161230</controlfield><controlfield tag="005">20170211143329</controlfield><controlfield tag="008">060222s1000------------r-----000-0-eng-d</controlfield><datafield ind1=" " ind2=" " tag="100"><subfield code="a">Cotarca, Livius</subfield></datafield><datafield ind1=" " ind2=" " tag="245"><subfield code="a">Structura si proprietatile compusilor organici vol.II: Hidrocarburi</subfield></datafield><datafield ind1=" " ind2=" " tag="260"><subfield code="a">Bucuresti</subfield><subfield code="b">Editura Tehnica</subfield><subfield code="c">1987</subfield></datafield><datafield ind1=" " ind2=" " tag="300"><subfield code="a">552 p</subfield></datafield><datafield ind1=" " ind2=" " tag="700"><subfield code="a">Csunderlik, Carol</subfield></datafield><datafield ind1=" " ind2=" " tag="852"><subfield code="a">547</subfield></datafield><datafield ind1=" " ind2=" " tag="CAT"><subfield code="a">SYS</subfield><subfield code="c">20170211</subfield><subfield code="h">143329</subfield></datafield></record></collection>